@article{ansuini2019intrinsic,
  title={Intrinsic dimension of data representations in deep neural networks},
  author={Ansuini, Alessio and Laio, Alessandro and Macke, Jakob H and Zoccolan, Davide},
  journal={Advances in Neural Information Processing Systems},
  volume={32},
  year={2019}
}